<?xml version="1.0" encoding="UTF-8"?><record xmlns="http://www.loc.gov/MARC21/slim" xmlns:cinclude="http://apache.org/cocoon/include/1.0" xmlns:zs="http://www.loc.gov/zing/srw/">
  <leader>00989cz  a2200229n  4500</leader>
  <controlfield tag="001">n  95116676 </controlfield>
  <controlfield tag="003">DLC</controlfield>
  <controlfield tag="005">20160130074008.0</controlfield>
  <controlfield tag="008">951205n| azannaabn          |n aaa      </controlfield>
  <datafield tag="010" ind1=" " ind2=" ">
    <subfield code="a">n  95116676 </subfield>
  </datafield>
  <datafield tag="035" ind1=" " ind2=" ">
    <subfield code="a">(OCoLC)oca03968519</subfield>
  </datafield>
  <datafield tag="040" ind1=" " ind2=" ">
    <subfield code="a">DLC</subfield>
    <subfield code="b">eng</subfield>
    <subfield code="e">rda</subfield>
    <subfield code="c">DLC</subfield>
    <subfield code="d">DLC</subfield>
    <subfield code="d">TxU-Mu</subfield>
    <subfield code="d">TnNvJML</subfield>
  </datafield>
  <datafield tag="046" ind1=" " ind2=" ">
    <subfield code="f">1909-05-01</subfield>
    <subfield code="g">1965-06-18</subfield>
    <subfield code="2">edtf</subfield>
  </datafield>
  <datafield tag="100" ind1="1" ind2=" ">
    <subfield code="a">Melachrino, George</subfield>
  </datafield>
  <datafield tag="370" ind1=" " ind2=" ">
    <subfield code="a">London (England)</subfield>
    <subfield code="b">London (England)</subfield>
    <subfield code="2">naf</subfield>
  </datafield>
  <datafield tag="372" ind1=" " ind2=" ">
    <subfield code="a">Music</subfield>
    <subfield code="2">lcsh</subfield>
  </datafield>
  <datafield tag="374" ind1=" " ind2=" ">
    <subfield code="a">Conductors (Music)</subfield>
    <subfield code="a">Composers</subfield>
    <subfield code="a">Arrangers (Musicians)</subfield>
    <subfield code="2">lcsh</subfield>
  </datafield>
  <datafield tag="375" ind1=" " ind2=" ">
    <subfield code="a">male</subfield>
  </datafield>
  <datafield tag="670" ind1=" " ind2=" ">
    <subfield code="a">Melachrino on Broadway, 1956?:</subfield>
    <subfield code="b">label (George Melachrino, arranger, conductor)</subfield>
  </datafield>
  <datafield tag="670" ind1=" " ind2=" ">
    <subfield code="a">LC data base, 12-05-95</subfield>
    <subfield code="b">(hdg.: Melachrino, George)</subfield>
  </datafield>
  <datafield tag="670" ind1=" " ind2=" ">
    <subfield code="a">RTE Concert Orchestra. Miniatures [SR] p1994:</subfield>
    <subfield code="b">container (George Melachrino (1909-1965))</subfield>
  </datafield>
  <datafield tag="670" ind1=" " ind2=" ">
    <subfield code="a">Grove music online, viewed January 29, 2016</subfield>
    <subfield code="b">(Melachrino, George (Miltiades); b. London, 1 May 1909; d. London, 18 June 1965; English orchestra leader, composer, and arranger)</subfield>
  </datafield>
</record>